

@BOOK{balanis,
	AUTHOR="C. A. Balanis",
	TITLE="Antenna Theory: Analysis and Design",
	PUBLISHER="WILEY Interscience",
	YEAR=2005
}

@BOOK{kark,
	AUTHOR="K. W. Kark",
	TITLE="Antennen und Strahlungsfelder",
	PUBLISHER="Springer Vieweg",
	YEAR=2014
}

@BOOK{orfanidi,
	AUTHOR="S. J. Orfanidis",
	TITLE="Electromagnetic 
Waves and Antennas",
	YEAR=2014
}

@BOOK{volakis,
	AUTHOR="J. L. Volakis ",
	TITLE="Antenna Engineering Handbook",
	YEAR=2007
}

@BOOK{koenig,
	AUTHOR="K. KÃ¶nigsberger",
	TITLE="Analysis 1 ",
	YEAR=2004
}

@article{basrur1968,
    AUTHOR  = "R. R. Basrur",
    TITLE   = "Far Field Patterns of Large Circular Loop Antennas: Theoretical and Experimental Results",
    journal = "IEEE Transactions on Antennas and Propagation",
    volume  = "16",
    YEAR    = 1968,
    pages   = "269 - 270",
 }

@article{storer1956,
    AUTHOR  = {J. E. Storer},
    TITLE   = {Impedance of thin-wire loop antennas},
    journal = {Transactions of the American Institute of Electrical Engineers, Part I: Communication and Electronics},
    volume  = {75 },
    YEAR    = {1956},
    pages   = {606 - 619},
 }

@article{wheeler1959,
    AUTHOR  = {H.A. Wheeler},
    TITLE   = {The Radiansphere around a Small Antenna},
    journal = {Proceedings of the IRE },
    volume  = {47 },
    YEAR    = {1959},
    pages   = {1325 - 1331},
 }

@article{werner1996,
    AUTHOR  = {D. H. Werner},
    TITLE   = {An exact integration procedure for vector potentials of thin circular loop antennas},
    journal = {IEEE Transactions on Antennas and Propagation},
    volume  = {44 },
    YEAR    = {1996},
    pages   = {157 - 165},
 }

@article{foster1944,
    AUTHOR  = {D. Foster},
    TITLE   = {Loop Antennas with Uniform Current},
    journal = {Proceedings of the IRE },
    volume  = {32 },
    YEAR    = {1944},
    pages   = {603 - 607},
 }

@booklet{biro-theorie,
author	= {O. Biro},
title = {{Theorie der Elektrotechnik}},
howpublished	= {Vorlesungsskript}
}

@booklet{biro-timedependent,
author	= {O. Biro},
title = "Simulation of time-dependent fields",
howpublished	= {Vorlesungsskript}
}

@booklet{bakk,
author	= {P. Baumgartner},
title = {{MatLab-Tool zur Darstellung von verschiedenen Kenndaten von Antennen}},
howpublished	= {Bachelorarbeit}
}

@article{bardi1998,
    AUTHOR  = {I. Bardi},
    TITLE   = {{Parameter Estimation for PMLs used with 3D Finite Element Codes}},
    journal = {IEEE Transactions on Magnetics },
    volume  = {34},
    YEAR    = {1998},
    pages   = {2755 - 2758},
 }

@article{Hallen,
    AUTHOR  = {E. Hallen},
    TITLE   = {Nova Acta Regiae Societatis IV},
    journal = {Scientiarum U psaliensis},
    volume  = {2},
    YEAR    = {1938},
 }


%\citep[][]{balanis}  \citep[][]{basrur1968}  \citep[][]{foster1944}  \citep[][]{kark}  \citep[][]{orfanidi}   \citep[][]{storer1956}   \citep[][]{werner1996}   \citep[][]{wheeler1959}    \citep[][]{biro-theorie}    \citep[][]{biro-timedependent} 